@Book{xie2015,
  title = {Dynamic Documents with {R} and knitr},
  author = {Yihui Xie},
  publisher = {Chapman and Hall/CRC},
  address = {Boca Raton, Florida},
  year = {2015},
  edition = {2nd},
  note = {ISBN 978-1498716963},
  url = {http://yihui.org/knitr/},
}

@Book{wickham2016,
  author    = {Hadley Wickham and Garrett Grolemund},
  title     = {R for Data Science: Import, Tidy, Transform, Visualize, and Model Data},
  year      = {2016},
  publisher = {O'Reilly Media},
  url       = {https://r4ds.had.co.nz/},
  note      = {Chapter on Tibbles: \url{https://r4ds.had.co.nz/tibbles.html}}
}

@Manual{janitortabyls,
  author    = {Sam Firke},
  title     = {tabyls: a tidy, fully-featured approach to counting things},
  year      = {2024},
  url       = {https://cran.r-project.org/web/packages/janitor/vignettes/tabyls.html},
  note      = {Vignette from the janitor package}
}